<?xml version="1.0" encoding="UTF-8"?><collection xmlns="http://www.loc.gov/MARC21/slim"><record><leader>00490nam--2200181-i-4500</leader><controlfield tag="001">000046562</controlfield><controlfield tag="002">20161230</controlfield><controlfield tag="005">20161230201046</controlfield><controlfield tag="008">060222s1000------------r-----000-0-eng-d</controlfield><datafield ind1=" " ind2=" " tag="040"><subfield code="a">IFIN-HH</subfield></datafield><datafield ind1=" " ind2=" " tag="080"><subfield code="a">539.1</subfield></datafield><datafield ind1="1" ind2=" " tag="100"><subfield code="a">Vintr,Zdenek</subfield></datafield><datafield ind1="1" ind2="0" tag="245"><subfield code="a">Transmutations of nuclei</subfield><subfield code="b">English translation edited by p.s. allen</subfield><subfield code="c">Zdenek vintr</subfield></datafield><datafield ind1=" " ind2=" " tag="260"><subfield code="a">London</subfield><subfield code="b">Iliffe Books Ltd</subfield><subfield code="c">1968</subfield></datafield><datafield ind1=" " ind2=" " tag="300"><subfield code="a">118 P</subfield></datafield><datafield ind1=" " ind2=" " tag="490"><subfield code="a">Physics Paperbacks</subfield></datafield><datafield ind1=" " ind2=" " tag="852"><subfield code="a">28806</subfield><subfield code="c">539</subfield></datafield><datafield ind1=" " ind2=" " tag="CAT"><subfield code="a">Sys</subfield><subfield code="c">20111005</subfield><subfield code="h">092450</subfield></datafield></record></collection>